@ONLINE{reactjs,
  publisher = {Meta Platforms, Inc.},
  title     = {React – A JavaScript library for building user interfaces},
  date      = {2022},
  url       = {https://reactjs.org},
  urldate   = {2022-01-16},
  langid    = {english},
  howpublished = {{online}}
}

@ONLINE{react-github,
  publisher = {Meta},
  title     = {Facebook/react: A declarative, efficient, and flexible JavaScript library for building user interfaces.},
  date      = {2022},
  url       = {https://github.com/facebook/react/},
  urldate   = {2022-01-16},
  langid    = {english},
  howpublished = {{online}}
}

@ONLINE{stackoverflow-survey,
  publisher = {Stack Exchange Inc.},
  title     = {Stack Overflow Developer Survey 2020},
  date      = {2020},
  url       = {https://insights.stackoverflow.com/survey/2020},
  urldate   = {2021-11-06},
  langid    = {english},
  howpublished = {{online}}
}

@ONLINE{angular,
  publisher = {Google},
  title     = {Angular},
  date      = {2021},
  url       = {https://angular.io/},
  urldate   = {2021-11-06},
  langid    = {english},
  howpublished = {{online}}
}

@ONLINE{angular-features,
  publisher = {Google},
  title     = {Angular Developer Guides},
  date      = {2022},
  url       = {https://angular.io/guide/developer-guide-overview},
  urldate   = {2022-01-14},
  langid    = {english},
  howpublished = {{online}}
}

@ONLINE{ksi-web-frontend-ember3,
  publisher = {Correspondent seminar of informatics},
  title     = {Fi-ksi/web-frontend-ember3: Testing-purpose only repo.},
  date      = {2019},
  url       = {https://github.com/fi-ksi/web-frontend-ember3},
  urldate   = {2021-11-06},
  langid    = {english},
  howpublished = {{online}}
}

@ONLINE{ksi-web-frontend,
  publisher = {Correspondent seminar of informatics},
  title     = {Fi-ksi/web-frontend: Frontend for web written in Embej.JS},
  date      = {2021},
  url       = {https://github.com/fi-ksi/web-frontend},
  urldate   = {2021-11-06},
  langid    = {english},
  howpublished = {{online}}
}

@ONLINE{ember-1,
  author    = {Matthew Beale, Yehuda Katz},
  title     = {Ember.js 1.13.0 and 2.0 Beta Released},
  date      = {12. 6. 2015},
  url       = {https://blog.emberjs.com/ember-1-13-0-released},
  urldate   = {2021-11-06},
  langid    = {english},
  howpublished = {{online}}
}

@ONLINE{fi-pva,
  publisher = {Faculty of Informatics Masaryk University},
  title     = {Programming and Development | Study catalogue | Faculty of Informatics Masaryk University},
  date      = {2019},
  url       = {https://www.fi.muni.cz/catalogue2019/?program=bc_prog_cz},
  urldate   = {2021-11-11},
  langid    = {english},
  howpublished = {{online}}
}

@ONLINE{fi-inf,
  publisher = {Faculty of Informatics Masaryk University},
  title     = {Informatics | Study catalogue | Faculty of Informatics Masaryk University},
  date      = {2019},
  url       = {https://www.fi.muni.cz/catalogue2019/?program=bc_inf_cz},
  urldate   = {2021-11-11},
  langid    = {english},
  howpublished = {{online}}
}


% Masaryk University, 1996–2009 [online]. Brno: Masaryk University
% [visited on 2016-12-09]. Available from: https://www.muni.cz/en.

@ONLINE{muni,
  publisher = {Masaryk University},
  title     = {Masaryk University},
  date      = {1996/2009},
  url       = {https://www.muni.cz/en},
  urldate   = {2016-12-09},
  location  = {Brno},
  langid    = {english},
}
